@string{AAS={Adv Atmos Sci}}
@string{ACP={Atmos Chem Phys}}
@string{AR={Atmos Res}}
@string{ASL={Atmos Sci Lett}}
@string{ATMOS={Atmosphere-Basel}}
@string{BAMS={B Am Meteorol Soc}}
@string{BLM={Bound-Lay Meteorol}}
@string{CC={Climatic Change}}
@string{CD={Clim Dyn}}
@string{EH={Environ Hazards}}
@string{EJSSM={E-J Severe Storms Meteorol}}
@string{GMD={Geosci Model Dev}}
@string{GRL={Geophys Res Lett}}
@string{IJC={Int J Climatol}}
@string{JAS={J Atmos Sci}}
@string{JAMC={J Appl Meteorol}}
@string{JAMES={J Adv Model Earth Sy}}
@string{JC={J Climate}}
@string{JGR={J Geophys Res}}
@string{JGRA={J Geophys Res-Atmos}}
@string{JORS={J Open Res Softw}}
@string{MA={Meteorol Appl}}
@string{MAP={Meteorol Atmos Phys}}
@string{MWR={Mon Weather Rev}}
@string{MZ={Meteorol Z}}
@string{NC={Nat Commun}}
@string{NCC={Nat Clim Change}}
@string{NH={Nat Hazards}}
@string{NHESS={Nat Hazards Earth Sys}}
@string{npjCAS={npj Clim Atmos Sci}}
@string{NREE={Nat Rev Earth Environ}}
@string{PNAS={P Natl Acad Sci USA}}
@string{QJRMS={Q J Roy Meteor Soc}}
@string{REE={Resour Energy Econ}}
@string{RG={Rev Geophys}}
@string{WCS={Weather Clim Soc}}
@string{WCE={Weather Clim Extremes}}
@string{WF={Weather Forecast}}
@string{WIRESCS={WIREs Comput Stat}}

@article{Kuang_JAS_2010,
  author = "Zhiming Kuang",
  title = "Linear Response Functions of a Cumulus Ensemble to Temperature
           and Moisture Perturbations and Implications for the Dynamics of
           Convectively Coupled Waves",
  journal = JAS,
  year = "2010",
  publisher = "American Meteorological Society",
  address = "Boston MA, USA",
  volume = "67",
  number = "4",
  doi = "10.1175/2009JAS3260.1",
  pages = "941--962"
}

@article{Herman_JAMES_2013,
  title={Linear response functions of two convective parameterization schemes},
  author={Herman, Michael J and Kuang, Zhiming},
  journal=JAMES,
  volume={5},
  number={3},
  pages={510--541},
  year={2013},
  publisher={Wiley Online Library},
  doi={10.1002/jame.20037}
}

@article{Hwong_JAMES_2021,
  author = {Hwong, Y. L. and Song, S. and Sherwood, S. C. and Stirling, A. J.
            and Rio, C. and Roehrig, R. and Daleu, C. L. and Plant, R. S.
            and Fuchs, D. and Maher, P. and Touz\'{e}-Peiffer, L.},
  title = {Characterizing Convection Schemes Using Their Responses to
           Imposed Tendency Perturbations},
  journal = JAMES,
  volume = {13},
  number = {5},
  pages = {e2021MS002461},
  doi = {10.1029/2021MS002461},
  note = {e2021MS002461 2021MS002461},
  year = {2021}
}

@book{Wallace_2006,
  title = {Atmospheric science: an introductory survey},
  author = {Wallace, John M and Hobbs, Peter V},
  year = 2006,
  publisher = {Academic Press},
  isbn = {978-0-12-732951-2},
  pages = 504,
  doi = {10.1016/C2009-0-00034-8},
  edition = {Second edition}
}

@article{Manabe_JAS_1964,
  author = "Syukuro Manabe and Robert F. Strickler",
  title = "Thermal Equilibrium of the Atmosphere with a Convective Adjustment",
  journal = JAS,
  year = "1964",
  publisher = "American Meteorological Society",
  address = "Boston MA, USA",
  volume = "21",
  number = "4",
  doi = "10.1175/1520-0469(1964)021<0361:TEOTAW>2.0.CO;2",
  pages = "361--385"
}
